@misc{hasell2022poverty,
  author = {Hasell, J. and Rohenkohl, B. and Arriagada, P. and Ortiz-Ospina, E. and Roser, M.},
  title = {Poverty},
  year = {2022},
  howpublished = {\url{https://ourworldindata.org/poverty}},
  note = {Accessed: 2024-01-15},
  organization = {Our World in Data}
}